@book{k_1,
    title = "Refactoring SQL applications",
    author = "Stephane Faroult, Pascal L'Hermite",
    isbn = "9780596514976",
    year = "2008",
    publisher = "Sebastopol, Calif. : O'Reilly Media"
}

@book{k_2,
    title = "Pro Android Flash",
    author = "Stephen Chin; Dean Iverson; Oswald Campesato; Paul Trani",
    isbn = "9781430232322",
    year = "1977",
    publisher = "[Berkeley, CA] : Apress"
}
    
@misc{sajt,
    author = "Mартин Фаулер",
    url = "https://martinfowler.com"
}

@book{k_3,
    author = "James A Highsmith",
    title = "Agile software development ecosystems",
    isbn = "0201760436",
    year = "2002",
    publisher = "Boston : Addison-Wesley"

}
@misc{sajt_2,
    title = "ThoughtWorks",
    url  = "https://www.thoughtworks.com/profiles/martin-fowler",
    addendum = "accessed: 27.10.2019"
}

@misc{sajt_3,
    title = "Manifesto for Agile Software Development",
    url  = "http://agilemanifesto.org/",
    addendum = "accessed: 27.10.2019"
}

@misc{sajt_4,
    title = "Inversion of Control Containers and the Dependency Injection pattern",
    url  = "https://martinfowler.com/articles/injection.html",
    addendum = "accessed: 27.10.2019"
}

@book{knjiga,
    author = "Ngoc Thanh Nguyen",
    title = "Transactions on computational collective intelligence X",
    isbn = "9783642384967",
    year = "2013",
    publisher = " Berlin : Springer "

}
